<?xml version="1.0" encoding="utf-8"?>
<record xmlns="http://www.loc.gov/MARC21/slim" xmlns:xsi="http://www.w3.org/2001/XMLSchema-instance" xsi:schemaLocation="http://www.loc.gov/MARC21/slim http://www.loc.gov/standards/marcxml/schema/MARC21slim.xsd">
	<leader>     nam a22     Mi 4500</leader>
	<controlfield tag="001">b12527774</controlfield>
	<controlfield tag="003">LeBAU</controlfield>
	<controlfield tag="006">m        d        </controlfield>
	<controlfield tag="007">cr cn |||m|||a</controlfield>
	<controlfield tag="008">210518m19461951le      ob    001 0 ara d</controlfield>
	<datafield ind1=" " ind2=" " tag="040">
		<subfield code="a">ZYU</subfield>
		<subfield code="b">ara</subfield>
		<subfield code="e">rda</subfield>
		<subfield code="c">ZYU</subfield>
	</datafield>
	<datafield ind1="0" ind2="4" tag="082">
		<subfield code="a">892.708</subfield>
		<subfield code="2">23</subfield>
	</datafield>
	<datafield ind1="1" ind2=" " tag="100">
		<subfield code="6">880-01</subfield>
		<subfield code="a">Cheikho, Louis,</subfield>
		<subfield code="d">1859-1927,</subfield>
		<subfield code="e">author.</subfield>
		<subfield code="0">http://id.loc.gov/authorities/names/n82234894</subfield>
	</datafield>
	<datafield ind1="1" ind2="3" tag="245">
		<subfield code="6">880-02</subfield>
		<subfield code="a">al-Majānī al-ḥadīthah :</subfield>
		<subfield code="b">ʻan majānī al-Ab Shaykhū /</subfield>
		<subfield code="c">jaddadahā ikhtiyāran wa-darsan wa-sharḥan wa-tabwīban lajnah min al-asātidhah bi-idārat Fuʼād Afrām al-Bustānī, mudīr Dār al-Muʻallimīn wa-al-Muʻallimāt, ustādh al-adab wa-muʼassasāt al-mujtamaʻ al-ʻArabī fī Maʻhad al-Ādāb al-Sharqīyah.</subfield>
	</datafield>
	<datafield ind1=" " ind2="1" tag="264">
		<subfield code="6">880-03</subfield>
		<subfield code="a">Bayrūt :</subfield>
		<subfield code="b">Dār al-Ādāb al-Sharqīyah,</subfield>
		<subfield code="c">1946-1951.</subfield>
	</datafield>
	<datafield ind1=" " ind2=" " tag="300">
		<subfield code="6">880-04</subfield>
		<subfield code="a">online resource (5 volumes)</subfield>
	</datafield>
	<datafield ind1=" " ind2=" " tag="336">
		<subfield code="a">text</subfield>
		<subfield code="2">rdacontent</subfield>
	</datafield>
	<datafield ind1=" " ind2=" " tag="337">
		<subfield code="a">computer</subfield>
		<subfield code="2">rdamedia</subfield>
	</datafield>
	<datafield ind1=" " ind2=" " tag="338">
		<subfield code="a">online resource</subfield>
		<subfield code="2">rdacarrier</subfield>
	</datafield>
	<datafield ind1=" " ind2=" " tag="500">
		<subfield code="a">Part of the Arabic Collections Online (ACO) project, contributed by American University of Beirut's Jafet Memorial Library.</subfield>
	</datafield>
	<datafield ind1=" " ind2=" " tag="533">
		<subfield code="a">Electronic reproduction.</subfield>
		<subfield code="b">New York, N.Y. :</subfield>
		<subfield code="c">New York University,</subfield>
		<subfield code="d">2021.</subfield>
		<subfield code="5">NNU</subfield>
	</datafield>
	<datafield ind1=" " ind2="0" tag="650">
		<subfield code="6">880-05</subfield>
		<subfield code="a">Arabic literature.</subfield>
	</datafield>
	<datafield ind1="1" ind2=" " tag="700">
		<subfield code="6">880-06</subfield>
		<subfield code="a">Bustānī, Fuʼād Afrām.</subfield>
		<subfield code="e">compiler.</subfield>
		<subfield code="0">http://id.loc.gov/authorities/names/n83126167 ,</subfield>
	</datafield>
	<datafield ind1="2" ind2=" " tag="710">
		<subfield code="a">Jafet Memorial Library.</subfield>
	</datafield>
	<datafield ind1="0" ind2=" " tag="730">
		<subfield code="a">Arabic Collections Online.</subfield>
	</datafield>
	<datafield ind1="0" ind2="8" tag="776">
		<subfield code="i">Print version:</subfield>
		<subfield code="a">Cheikho, Louis, 1859-1927, author. http://id.loc.gov/authorities/names/n82234894</subfield>
		<subfield code="t">al-Majānī al-ḥadīthah</subfield>
		<subfield code="w">(LeBAU)b12527774</subfield>
	</datafield>
	<datafield ind1="4" ind2="0" tag="856">
		<subfield code="u">http://hdl.handle.net/2333.1/n5tb32sb</subfield>
	</datafield>
	<datafield ind1="1" ind2=" " tag="880">
		<subfield code="6">100-01</subfield>
		<subfield code="a">شيخو، لويس،</subfield>
		<subfield code="d">1859-1927،</subfield>
		<subfield code="0">http://id.loc.gov/authorities/names/n82234894 ,</subfield>
		<subfield code="e">مؤلف.</subfield>
		<subfield code="4">aut.</subfield>
	</datafield>
	<datafield ind1="1" ind2="2" tag="880">
		<subfield code="6">245-02</subfield>
		<subfield code="a">المجاني الحديثة :</subfield>
		<subfield code="b">عن مجاني الأب شيخو /</subfield>
		<subfield code="c">جددها اختياراً ودرساً وشرحاً وتبويباً لجنة من الأساتذة بإدارة فؤاد أفرام البستاني، مدير دار المعلمين والمعلمات، أستاذ الأدب ومؤسسات المجتمع العربي في معهد الأداب الشرقية.</subfield>
	</datafield>
	<datafield ind1=" " ind2="1" tag="880">
		<subfield code="6">264-03</subfield>
		<subfield code="a">بيروت :</subfield>
		<subfield code="b">دار الأداب الشرقية،</subfield>
		<subfield code="c">1946-1951.</subfield>
	</datafield>
	<datafield ind1=" " ind2=" " tag="880">
		<subfield code="6">300-04</subfield>
		<subfield code="a">5 أجزاء ؛</subfield>
		<subfield code="c">22 سم</subfield>
	</datafield>
	<datafield ind1=" " ind2=" " tag="880">
		<subfield code="6">500-00</subfield>
		<subfield code="a">الجزء الثاني طبع سنة 1950.</subfield>
	</datafield>
	<datafield ind1=" " ind2=" " tag="880">
		<subfield code="6">504-00</subfield>
		<subfield code="a">يتضمن مراجع ببليوغرافية وكشافات.</subfield>
	</datafield>
	<datafield ind1="0" ind2="0" tag="880">
		<subfield code="6">505-00</subfield>
		<subfield code="a">المجاني الحديثة:</subfield>
		<subfield code="g">الجزء الأول.</subfield>
		<subfield code="t">في العصر الجاهلي --</subfield>
		<subfield code="g">الجزء الثاني.</subfield>
		<subfield code="t">في عصر صدر الإسلام --</subfield>
		<subfield code="g">الجزء الثالث.</subfield>
		<subfield code="t">في العصر العباسي --</subfield>
		<subfield code="g">الجزء الرابع.</subfield>
		<subfield code="t">في النثر العباسي --</subfield>
		<subfield code="g">الجزء الخامس.</subfield>
		<subfield code="t">الأدب الأندلسي، الأدب المشرقي في الإنحطاط.</subfield>
	</datafield>
	<datafield ind1=" " ind2="4" tag="880">
		<subfield code="6">650-05</subfield>
		<subfield code="a">الادب العربي.</subfield>
	</datafield>
	<datafield ind1="1" ind2=" " tag="880">
		<subfield code="6">700-06</subfield>
		<subfield code="a">البستاني، فؤاد افرام،</subfield>
		<subfield code="0">http://id.loc.gov/authorities/names/n83126167 ,</subfield>
		<subfield code="e">معد.</subfield>
		<subfield code="4">com.</subfield>
	</datafield>
	<datafield ind1=" " ind2=" " tag="959">
		<subfield code="a">NNU</subfield>
		<subfield code="b">WEB</subfield>
		<subfield code="c">GENI</subfield>
		<subfield code="t">0</subfield>
		<subfield code="m">Electronic access</subfield>
		<subfield code="s">01</subfield>
	</datafield>
	<datafield ind1=" " ind2=" " tag="999">
		<subfield code="i">LeBAU_b12527774</subfield>
		<subfield code="s">aub_aco004549:v.1</subfield>
		<subfield code="s">aub_aco004550:v.2</subfield>
		<subfield code="s">aub_aco004551:v.3</subfield>
		<subfield code="s">aub_aco004552:v.4</subfield>
		<subfield code="s">aub_aco004553:v.5</subfield>
		<subfield code="e">(ERROR-MISC)</subfield>
		<subfield code="s">aub_aco004549:v.1</subfield>
		<subfield code="s">aub_aco004550:v.2</subfield>
		<subfield code="s">aub_aco004551:v.3</subfield>
		<subfield code="s">aub_aco004552:v.4</subfield>
		<subfield code="s">aub_aco004553:v.5</subfield>
	</datafield>
</record>
